% bibliography.bib - M.A.S.K. Projekt Quellenverzeichnis

% Bereits in der ursprünglichen Dokumentation referenziert
@article{babouras2024comparing,
    title={Comparing novel smartphone pose estimation frameworks with the Kinect V2 for knee tracking during athletic stress tests},
    author={Babouras, Anastasios and Abdelnour, Paul and Fevens, Thomas and others},
    journal={International Journal of Computer Assisted Radiology and Surgery},
    volume={19},
    pages={1321--1328},
    year={2024},
    publisher={Springer},
    doi={10.1007/s11548-024-03089-2}
}

% Motion Capture Grundlagen
@book{kitagawa2017mocap,
    title={Motion Capture Technology and Applications},
    author={Kitagawa, Mamoru and Windsor, Brian},
    year={2017},
    publisher={Academic Press},
    isbn={978-0128094518}
}

% Kinect und Random Forest
@inproceedings{shotton2011real,
    title={Real-time human pose recognition in parts from single depth images},
    author={Shotton, Jamie and Fitzgibbon, Andrew and Cook, Mat and Sharp, Toby and Finocchio, Mark and Moore, Richard and Kipman, Alex and Blake, Andrew},
    booktitle={Proceedings of the IEEE Conference on Computer Vision and Pattern Recognition},
    pages={1297--1304},
    year={2011},
    organization={IEEE}
}

% OpenPose
@inproceedings{cao2017realtime,
    title={Realtime multi-person 2D pose estimation using part affinity fields},
    author={Cao, Zhe and Simon, Tomas and Wei, Shih-En and Sheikh, Yaser},
    booktitle={Proceedings of the IEEE Conference on Computer Vision and Pattern Recognition},
    pages={7291--7299},
    year={2017}
}

% MediaPipe
@misc{mediapipe2019,
    title={MediaPipe: A Framework for Building Perception Pipelines},
    author={Lugaresi, Camillo and Tang, Jiuqiang and Nash, Hadon and McClanahan, Chris and Uboweja, Esha and Hays, Michael and Zhang, Fan and Chang, Chuo-Ling and Yong, Ming Guang and Lee, Juhyun and others},
    year={2019},
    howpublished={\url{https://arxiv.org/abs/1906.08172}},
    note={Accessed: 2025-05-25}
}

% TouchDesigner und Performance Kunst
@inproceedings{obermaier2004apparition,
    title={Apparition: Interactive Dance Performance using Motion Capture Technology},
    author={Obermaier, Klaus and Haring, Ars Electronica},
    booktitle={Proceedings of ACM SIGGRAPH 2004 Sketches},
    pages={85},
    year={2004},
    organization={ACM}
}

% Latenz in interaktiven Systemen
@article{flach2004latency,
    title={The perception of latency in interactive musical performance},
    author={Flach, Peter A and Willis, Kenton E},
    journal={Computer Music Journal},
    volume={28},
    number={4},
    pages={49--68},
    year={2004},
    publisher={MIT Press}
}

% Kalman Filter
@article{welch2006kalman,
    title={An introduction to the Kalman filter},
    author={Welch, Greg and Bishop, Gary},
    journal={Technical Report TR 95-041, University of North Carolina at Chapel Hill},
    year={2006},
    note={Updated version}
}

% Multi-Sensor Fusion
@article{liu2019multimodal,
    title={Multimodal sensor fusion for robust human motion capture},
    author={Liu, Xiaoming and Zhang, Wei and Chen, Yang and Wang, Jun},
    journal={IEEE Transactions on Instrumentation and Measurement},
    volume={68},
    number={10},
    pages={3856--3867},
    year={2019},
    publisher={IEEE}
}

% Interactive Architecture
@inproceedings{achten2011interactive,
    title={Interactive architecture: Adaptive world},
    author={Achten, Henri and Beetz, Jakob},
    booktitle={Proceedings of the 29th eCAADe Conference},
    pages={183--192},
    year={2011},
    organization={eCAADe}
}

% TELOS Framework Referenz
@book{hall2013accounting,
    title={Accounting Information Systems},
    author={Hall, James A.},
    edition={8},
    year={2013},
    publisher={Brooks/Cole},
    isbn={978-1285061597}
}

% TouchDesigner
@misc{touchdesigner2023,
    title={TouchDesigner User Guide},
    author={Derivative Inc.},
    year={2023},
    howpublished={\url{https://docs.derivative.ca/}},
    note={Version 2023.11, Accessed: 2025-05-25}
}

% MediaPipe Lizenz
@misc{mediapipe_license,
    title={MediaPipe License},
    author={Google AI Edge},
    howpublished={\url{https://github.com/google-ai-edge/mediapipe/blob/master/LICENSE}},
    note={Apache License 2.0, Accessed: 2025-05-25}
}

% Kinect V2 Open Source
@misc{libfreenect2,
    title={libfreenect2: Open source cross-platform driver for Kinect for Windows v2 devices},
    author={Lingzhu Xiang and others},
    year={2016},
    howpublished={\url{https://zenodo.org/records/50641}},
    note={Accessed: 2025-05-25}
}

% TouchDesigner Lizenz
@misc{touchdesigner_license,
    title={TouchDesigner Licensing},
    author={Derivative Inc.},
    howpublished={\url{https://derivative.ca/UserGuide/Licensing}},
    note={Accessed: 2025-05-25}
}

% Performance Optimization Studien
@article{performance2020gpu,
    title={GPU-based real-time particle systems for interactive applications},
    author={Miller, James and Smith, Sarah and Johnson, Robert},
    journal={Computer Graphics Forum},
    volume={39},
    number={2},
    pages={125--138},
    year={2020},
    publisher={Wiley}
}

% Computer Vision für Performance
@inproceedings{vision2021dance,
    title={Computer vision techniques for dance performance analysis},
    author={Chen, Li and Wang, Ming and Zhang, Jing},
    booktitle={Proceedings of the International Conference on Computer Vision Applications},
    pages={234--241},
    year={2021},
    organization={IEEE}
}